@article{bayrak2007fuzzy,
  title={A fuzzy approach method for supplier selection},
  author={Bayrak, MY and Celebi, N and Ta{\c{s}}kin, H},
  journal={Production Planning and Control},
  volume={18},
  number={1},
  pages={54--63},
  year={2007},
  publisher={Taylor \& Francis}
}